<record><leader>00000cas a22000007a 4500</leader><controlfield tag="001">10589049</controlfield><controlfield tag="008">840403d19621979ohudr ne      0    0eng d</controlfield><datafield ind1=" " ind2=" " tag="010"><subfield code="a">sn 84028216 </subfield></datafield><datafield ind1=" " ind2=" " tag="040"><subfield code="a">NPY</subfield><subfield code="b">eng</subfield><subfield code="c">NPY</subfield><subfield code="d">ONP</subfield><subfield code="d">OCLCQ</subfield></datafield><datafield ind1=" " ind2=" " tag="042"><subfield code="a">msc</subfield></datafield><datafield ind1="0" ind2=" " tag="130"><subfield code="a">News-herald (Willoughby, Ohio : 1962)</subfield></datafield><datafield ind1="1" ind2="0" tag="245"><subfield code="a">News-herald.</subfield></datafield><datafield ind1="3" ind2="0" tag="246"><subfield code="a">Sunday news-herald</subfield></datafield><datafield ind1=" " ind2=" " tag="260"><subfield code="a">Willoughby, Ohio :</subfield><subfield code="b">Lake Pub. Co.,</subfield><subfield code="c">1962-1979.</subfield></datafield><datafield ind1=" " ind2=" " tag="300"><subfield code="a">v.</subfield></datafield><datafield ind1=" " ind2=" " tag="310"><subfield code="a">Daily,</subfield><subfield code="b">Sept. 30, 1973-Apr. 17, 1979</subfield></datafield><datafield ind1=" " ind2=" " tag="321"><subfield code="a">Daily (except Sun.),</subfield><subfield code="b">June 13, 1962-Sept. 29, 1973</subfield></datafield><datafield ind1="0" ind2=" " tag="362"><subfield code="a">68th year, no. 139 (June 13, 1962)-99th year, no. 107 (Apr. 17, 1979).</subfield></datafield><datafield ind1=" " ind2=" " tag="500"><subfield code="a">On Sunday published as: Sunday news-herald, 1977-1979.</subfield></datafield><datafield ind1=" " ind2=" " tag="500"><subfield code="a">Independent.</subfield></datafield><datafield ind1=" " ind2=" " tag="500"><subfield code="a">Supplements included: Lake County living, &lt;1973&gt;; Growthland Empire, &lt;1973&gt;; Family Weekly, &lt;1973&gt;; TGIF, &lt;1976&gt;.</subfield></datafield><datafield ind1=" " ind2=" " tag="515"><subfield code="a">98th year, no. 5 (Jan. 5, 1976) misdated 1975.</subfield></datafield><datafield ind1=" " ind2=" " tag="515"><subfield code="a">99th year, no. 361 (Dec. 28, 1977) misdated Dec. 18.</subfield></datafield><datafield ind1=" " ind2=" " tag="515"><subfield code="a">99th year, no. 280 (Oct. 21, 1978) misdated Oct. 7 on masthead.</subfield></datafield><datafield ind1=" " ind2="4" tag="651"><subfield code="a">Willoughby (Ohio)</subfield><subfield code="v">Newspapers.</subfield></datafield><datafield ind1=" " ind2="4" tag="651"><subfield code="a">Lake County (Ohio)</subfield><subfield code="v">Newspapers.</subfield></datafield><datafield ind1=" " ind2=" " tag="752"><subfield code="a">United States</subfield><subfield code="b">Ohio</subfield><subfield code="c">Lake</subfield><subfield code="d">Willoughby.</subfield></datafield><datafield ind1="0" ind2="0" tag="780"><subfield code="t">West Lake County, Ohio news-herald</subfield><subfield code="w">(DLC)sn 90068509</subfield></datafield><datafield ind1="0" ind2="0" tag="785"><subfield code="t">Lake County news-herald (Willoughby, Ohio: 1979)</subfield><subfield code="w">(DLC)sn 84028217</subfield></datafield></record>